@article{nj1,
author = {Physiopedia contributors},
title = {Coronavirus Disease (COVID-19)},
journal = {Physiopedia},
year = {2020},
}
@article{nj,
author={\url{https://cdn.analyticsvidhya.com/wp-content/uploads/2020/03/social-media-3846597_640.png}},
title = {Social network representation},
year = {2020},
}

@article{nj3,
author = {Cameron and  Kathie and Edmonds and Jack},
title={Handshaking Lemma},
journal={Annales de l'Institut Fourier},
year={1999},
doi={10.5802},
}


@article{nj4,
author={ Jade Tan-Holmes},
title={\url{https://www.youtube.com/watch?v=uKVQERi83lM}},
year={20-march-2020},
}
@article{nj5,
author = {PRATEEK JOSHI},
title = {Using Graphs to Identify Social Media Influencers},
year = {MARCH 24, 2020},
}
@article{nj6,
author={Kai Sasaki},
title={COVID-19 dynamics with SIR model},
journal={The First Cry of Atom},
year={2020},
}

@article{nj7,
author = {	Andrew Black
	Dennis L
	Lewis Mitchell
},
title = {\url{https://theconversation.com/how-to-flatten-the-curve-of-coronavirus-a-mathematician-explains-133514}},
year = {March 16, 2020},
}
@article{nj8,
author = { Dr Tom Crawford},
title = {\url{https://www.youtube.com/watch?v=NKMHhm2Zbkw&t=926sl}},
year = {Mar 18, 2020},
}
